<?xml version="1.0" encoding="UTF-8"?><collection xmlns="http://www.loc.gov/MARC21/slim"><record><leader>00395nam--2200121-i-4500</leader><controlfield tag="001">000037929</controlfield><controlfield tag="002">20161230</controlfield><controlfield tag="005">20161230201041</controlfield><controlfield tag="008">060222s1000------------r-----000-0-eng-d</controlfield><datafield ind1=" " ind2=" " tag="100"><subfield code="a">Rastrelli, L.U</subfield></datafield><datafield ind1=" " ind2=" " tag="245"><subfield code="a">Materials properties research for the rational design of pressure vessels in nuclear reactors</subfield></datafield><datafield ind1=" " ind2=" " tag="260"><subfield code="a">/Washington/, U.S.Atomic Energy Commission, 1958, Iv + 63p.Fotocop</subfield></datafield><datafield ind1=" " ind2=" " tag="852"><subfield code="a">15736</subfield></datafield></record></collection>